@article{replicationvsreproductiblity,
author = {Drummond, Chris},
year = {2009},
month = {01},
pages = {},
title = {Replicability Is Not Reproducibility: Nor Is It Good Science},
journal = {Proceedings of the Evaluation Methods for Machine Learning Workshop at the 26th ICML}
}

@misc{pineau2020improving,
	title={Improving Reproducibility in Machine Learning Research (A Report from the NeurIPS 2019 Reproducibility Program)},
	author={Joelle Pineau and Philippe Vincent-Lamarre and Koustuv Sinha and Vincent Larivière and Alina Beygelzimer and Florence d'Alché-Buc and Emily Fox and Hugo Larochelle},
	year={2020},
	eprint={2003.12206},
	archivePrefix={arXiv},
	primaryClass={cs.LG}
}

@article{baker500ScientistsLift2016,
	title = {1,500 Scientists Lift the Lid on Reproducibility},
	author = {Baker, Monya},
	year = {2016},
	month = may,
	volume = {533},
	pages = {452},
	doi = {10.1038/533452a},
	chapter = {News Feature},
	journal = {Nature News},
	number = {7604},
	url={https://www.nature.com/news/1-500-scientists-lift-the-lid-on-reproducibility-1.19970}
}

@misc{raff2019step,
	title={A Step Toward Quantifying Independently Reproducible Machine Learning Research},
	author={Edward Raff},
	year={2019},
	eprint={1909.06674},
	archivePrefix={arXiv},
	primaryClass={cs.LG}
}